@inproceedings{cusumano2011bringing,
  title={Bringing clothing into desired configurations with limited perception},
  author={Cusumano-Towner, Marco and Singh, Arjun and Miller, Stephen and O'Brien, James F and Abbeel, Pieter},
  booktitle={Robotics and Automation (ICRA), 2011 IEEE International Conference on},
  pages={3893--3900},
  year={2011},
  organization={IEEE}
}
@inproceedings{tamei2011reinforcement,
  title={Reinforcement learning of clothing assistance with a dual-arm robot},
  author={Tamei, Tomoya and Matsubara, Takamitsu and Rai, Akshara and Shibata, Tomohiro},
  booktitle={Humanoid Robots (Humanoids), 2011 11th IEEE-RAS International Conference on},
  pages={733--738},
  year={2011},
  organization={IEEE}
}
@incollection{schaal2006dynamic,
  title={Dynamic movement primitives-a framework for motor control in humans and humanoid robotics},
  author={Schaal, Stefan},
  booktitle={Adaptive Motion of Animals and Machines},
  pages={261--280},
  year={2006},
  publisher={Springer}
}
@inproceedings{ijspeert2003learning,
  title={Learning control policies for movement imitation and movement recognition},
  author={Ijspeert, AJ and Nakanishi, J and Schaal, S},
  booktitle={Neural information processing system},
  volume={15},
  pages={1547--1554},
  year={2003}
}
@inproceedings{ijspeert2002movement,
  title={Movement imitation with nonlinear dynamical systems in humanoid robots},
  author={Ijspeert, Auke Jan and Nakanishi, Jun and Schaal, Stefan},
  booktitle={Robotics and Automation, 2002. Proceedings. ICRA'02. IEEE International Conference on},
  volume={2},
  pages={1398--1403},
  year={2002},
  organization={IEEE}
}
@book{bishop2006prml,
  author={Christopher M. Bishop},
  title={Pattern Recognition and Machine Learning},
  publisher={Springer},
  year={2006},
}
@article{schaal2002scalable,
  title={Scalable techniques from nonparametric statistics for real time robot learning},
  author={Schaal, Stefan and Atkeson, Christopher G and Vijayakumar, Sethu},
  journal={Applied Intelligence},
  volume={17},
  number={1},
  pages={49--60},
  year={2002},
  publisher={Springer}
}
@inproceedings{fitzgerald2013developing,
  title={Developing baxter},
  author={Fitzgerald, Cliff},
  booktitle={Technologies for Practical Robot Applications (TePRA), 2013 IEEE International Conference on},
  pages={1--6},
  year={2013},
  organization={IEEE}
}
