@article{broekens2009assistive,
  title={Assistive social robots in elderly care: a review},
  author={Broekens, Joost and Heerink, Marcel and Rosendal, Henk},
  journal={Gerontechnology},
  volume={8},
  number={2},
  pages={94--103},
  year={2009}
}

@inproceedings{ijspeert2003learning,
  title={Learning control policies for movement imitation and movement recognition},
  author={Ijspeert, AJ and Nakanishi, Jun and Schaal, Stefan},
  booktitle={Neural information processing system},
  volume={15},
  pages={1547--1554},
  year={2003}
}

@incollection{schaal2006dynamic,
  title={Dynamic movement primitives-a framework for motor control in humans and humanoid robotics},
  author={Schaal, Stefan},
  booktitle={Adaptive motion of animals and machines},
  pages={261--280},
  year={2006},
  publisher={Springer}
}

@article{ijspeert2013dynamical,
  title={Dynamical movement primitives: learning attractor models for motor behaviors},
  author={Ijspeert, Auke Jan and Nakanishi, Jun and Hoffmann, Heiko and Pastor, Peter and Schaal, Stefan},
  journal={Neural computation},
  volume={25},
  number={2},
  pages={328--373},
  year={2013},
  publisher={MIT Press}
}

@inproceedings{fitzgerald2013developing,
  title={Developing baxter},
  author={Fitzgerald, Cliff},
  booktitle={Technologies for Practical Robot Applications (TePRA), 2013 IEEE International Conference on},
  pages={1--6},
  year={2013},
  organization={IEEE}
}

@inproceedings{colome2015friction,
  title={A friction-model-based framework for reinforcement learning of robotic tasks in non-rigid environments},
  author={Colom{\'e}, Adria and Planells, Antoni and Torras, Carme},
  booktitle={Robotics and Automation (ICRA), 2015 IEEE International Conference on},
  pages={5649--5654},
  year={2015},
  organization={IEEE}
}

@inproceedings{gao2016iterative,
  title={Iterative path optimisation for personalised dressing assistance using vision and force information},
  author={Gao, Yixing and Chang, Hyung Jin and Demiris, Yiannis},
  booktitle={Intelligent Robots and Systems (IROS), 2016 IEEE/RSJ International Conference on},
  pages={4398--4403},
  year={2016},
  organization={IEEE}
}

@inproceedings{gao2015user,
  title={User modelling for personalised dressing assistance by humanoid robots},
  author={Gao, Yixing and Chang, Hyung Jin and Demiris, Yiannis},
  booktitle={Intelligent Robots and Systems (IROS), 2015 IEEE/RSJ International Conference on},
  pages={1840--1845},
  year={2015},
  organization={IEEE}
}

@inproceedings{kapusta2016data,
  title={Data-driven haptic perception for robot-assisted dressing},
  author={Kapusta, Ariel and Yu, Wenhao and Bhattacharjee, Tapomayukh and Liu, C Karen and Turk, Greg and Kemp, Charles C},
  booktitle={Robot and Human Interactive Communication (RO-MAN), 2016 25th IEEE International Symposium on},
  pages={451--458},
  year={2016},
  organization={IEEE}
}

@inproceedings{klee2015personalized,
  title={Personalized assistance for dressing users},
  author={Klee, Steven D and Ferreira, Beatriz Quintino and Silva, Rui and Costeira, Joao Paulo and Melo, Francisco S and Veloso, Manuela},
  booktitle={International Conference on Social Robotics},
  pages={359--369},
  year={2015},
  organization={Springer}
}

@inproceedings{koganti2015cloth,
  title={Cloth dynamics modeling in latent spaces and its application to robotic clothing assistance},
  author={Koganti, Nishanth and Ngeo, Jimson Gelbolingo and Tomoya, Tamei and Ikeda, Kazushi and Shibata, Tomohiro},
  booktitle={Intelligent Robots and Systems (IROS), 2015 IEEE/RSJ International Conference on},
  pages={3464--3469},
  year={2015},
  organization={IEEE}
}

@inproceedings{tamei2011reinforcement,
  title={Reinforcement learning of clothing assistance with a dual-arm robot},
  author={Tamei, Tomoya and Matsubara, Takamitsu and Rai, Akshara and Shibata, Tomohiro},
  booktitle={Humanoid Robots (Humanoids), 2011 11th IEEE-RAS International Conference on},
  pages={733--738},
  year={2011},
  organization={IEEE}
}

@inproceedings{yamazaki2014bottom,
  title={Bottom dressing by a life-sized humanoid robot provided failure detection and recovery functions},
  author={Yamazaki, Kimitoshi and Oya, Ryosuke and Nagahama, Kotaro and Okada, Kei and Inaba, Masayuki},
  booktitle={System Integration (SII), 2014 IEEE/SICE International Symposium on},
  pages={564--570},
  year={2014},
  organization={IEEE}
}

@inproceedings{yamazaki2013method,
  title={A method of state recognition of dressing clothes based on dynamic state matching},
  author={Yamazaki, Kimitoshi and Oya, Ryosuke and Nagahama, Kotaro and Inaba, Masayuki},
  booktitle={System Integration (SII), 2013 IEEE/SICE International Symposium on},
  pages={406--411},
  year={2013},
  organization={IEEE}
}

@article{yamakawa2011dynamic,
  title={Dynamic manipulation of a cloth by high-speed robot system using high-speed visual feedback},
  author={Yamakawa, Yuji and Namiki, Akio and Ishikawa, Masatoshi},
  journal={IFAC Proceedings Volumes},
  volume={44},
  number={1},
  pages={8076--8081},
  year={2011},
  publisher={Elsevier}
}

@inproceedings{monso2012pomdp,
  title={Pomdp approach to robotized clothes separation},
  author={Mons{\'o}, Pol and Aleny{\`a}, Guillem and Torras, Carme},
  booktitle={Intelligent Robots and Systems (IROS), 2012 IEEE/RSJ International Conference on},
  pages={1324--1329},
  year={2012},
  organization={IEEE}
}

@inproceedings{ijspeert2002movement,
  title={Movement imitation with nonlinear dynamical systems in humanoid robots},
  author={Ijspeert, Auke Jan and Nakanishi, Jun and Schaal, Stefan},
  booktitle={Robotics and Automation, 2002. Proceedings. ICRA'02. IEEE International Conference on},
  volume={2},
  pages={1398--1403},
  year={2002},
  organization={IEEE}
}

@inproceedings{vijayakumar2000locally,
  title={Locally weighted projection regression: An O (n) algorithm for incremental real time learning in high dimensional space},
  author={Vijayakumar, Sethu and Schaal, Stefan},
  booktitle={Proceedings of the Seventeenth International Conference on Machine Learning (ICML 2000)},
  volume={1},
  pages={288--293},
  year={2000}
}

@inproceedings{pastor2009learning,
  title={Learning and generalization of motor skills by learning from demonstration},
  author={Pastor, Peter and Hoffmann, Heiko and Asfour, Tamim and Schaal, Stefan},
  booktitle={Robotics and Automation, 2009. ICRA'09. IEEE International Conference on},
  pages={763--768},
  year={2009},
  organization={IEEE}
}

@misc{microsoft2014kinect,
  title={Microsoft Kinect Version 2 for Windows},
  howpublished={\url{https://developer.microsoft.com/en-us/windows/kinect}},
  year={2014},
  note={Accessed: 2017-01-20}
}

@inproceedings{quigley2009ros,
  title={ROS: an open-source Robot Operating System},
  author={Quigley, Morgan and Conley, Ken and Gerkey, Brian and Faust, Josh and Foote, Tully and Leibs, Jeremy and Wheeler, Rob and Ng, Andrew Y},
  booktitle={ICRA workshop on open source software},
  volume={3},
  number={3.2},
  pages={5},
  year={2009},
  organization={Kobe}
}

@misc{iai_kinect2,
  author={Wiedemeyer, Thiemo},
  title={{IAI Kinect2}},
  organization={Institute for Artificial Intelligence},
  address={University Bremen},
  year={2014 -- 2015},
  howpublished={\url{https://github.com/code-iai/iai\_kinect2}},
  note={Accessed June 12, 2015}
}


@misc{libfreenect2,
  author={Lingzhu Xiang and Florian Echtler and Christian Kerl and Thiemo Wiedemeyer and Lars and hanyazou and Ryan Gordon and Francisco Facioni and laborer2008 and Rich Wareham and Matthias Goldhoorn and alberth and gaborpapp and Steffen Fuchs and jmtatsch and Joshua Blake and Federico and Henning Jungkurth and Yuan Mingze and vinouz and Dave Coleman and Brendan Burns and Rahul Rawat and Serguei Mokhov and Paul Reynolds and P.E. Viau and Matthieu Fraissinet-Tachet and Ludique and James Billingham and Alistair},
  title={libfreenect2: Release 0.2},
  month=apr,
  year=2016,
  doi={10.5281/zenodo.50641},
  url={https://doi.org/10.5281/zenodo.50641}
}


